 @phdthesis{kraftsInequality,
  title={A device for quantizing, grouping, and coding amplitude-modulated pulses},
  author={Kraft, Leon Gordon},
  year={1949},
  school={Massachusetts Institute of Technology}
}
 
 @article{bent1985biased,
  title={Biased search trees},
  author={Bent, Samuel W and Sleator, Daniel D and Tarjan, Robert E},
  journal={SIAM Journal on Computing},
  volume={14},
  number={3},
  pages={545--568},
  year={1985},
  publisher={SIAM}
}

@techreport{adelsonvelskii1963algorithm,
  title={An algorithm for the organization of information},
  author={AdelsonVelskii, M and Landis, Evgenii Mikhailovich},
  year={1963},
  institution={DTIC Document}
}

@inproceedings{guibas1978dichromatic,
  title={A dichromatic framework for balanced trees},
  author={Guibas, Leo J and Sedgewick, Robert},
  booktitle={Foundations of Computer Science, 1978., 19th Annual Symposium on},
  pages={8--21},
  year={1978},
  organization={IEEE}
}
@article{sleator1985self,
  title={Self-adjusting binary search trees},
  author={Sleator, Daniel Dominic and Tarjan, Robert Endre},
  journal={Journal of the ACM (JACM)},
  volume={32},
  number={3},
  pages={652--686},
  year={1985},
  publisher={ACM}
}

@inproceedings{iacono2001alternatives,
  title={Alternatives to splay trees with O (log n) worst-case access times},
  author={Iacono, John},
  booktitle={Proceedings of the ACM-SIAM symposium on Discrete algorithms},
  pages={516--522},
  year={2001},
  organization={Society for Industrial and Applied Mathematics}
}

@inproceedings{bose2008dynamic,
  title={Dynamic optimality for skip lists and B-trees},
  author={Bose, Prosenjit and Dou{\"\i}eb, Karim and Langerman, Stefan},
  booktitle={Proceedings of the ACM-SIAM symposium on Discrete algorithms},
  pages={1106--1114},
  year={2008},
  organization={Society for Industrial and Applied Mathematics}
}

@incollection{iacono2000improved,
  title={Improved upper bounds for pairing heaps},
  author={Iacono, John},
  booktitle={Algorithm Theory-SWAT 2000},
  pages={32--45},
  year={2000},
  publisher={Springer}
}

@article{hu1971optimal,
  title={Optimal computer search trees and variable-length alphabetical codes},
  author={Hu, Te C and Tucker, Alan C},
  journal={SIAM Journal on Applied Mathematics},
  volume={21},
  number={4},
  pages={514--532},
  year={1971},
  publisher={SIAM}
}

@article{knuth1971optimum,
  title={Optimum binary search trees},
  author={Knuth, Donald E.},
  journal={Acta informatica},
  volume={1},
  number={1},
  pages={14--25},
  year={1971},
  publisher={Springer}
}

@misc{shannon1948mathematical,
  title={A mathematical theory of communication},
  author={Shannon, Claude Elwood and Weaver, Warren},
  year={1948},
  publisher={American Telephone and Telegraph Company}
}

@article{pugh1990skip,
  title={Skip lists: a probabilistic alternative to balanced trees},
  author={Pugh, William},
  journal={Communications of the ACM},
  volume={33},
  number={6},
  pages={668--676},
  year={1990},
  publisher={ACM}
}

@incollection{bose2010layered,
  title={Layered working-set trees},
  author={Bose, Prosenjit and Dou{\"\i}eb, Karim and Dujmovi{\'c}, Vida and Howat, John},
  booktitle={LATIN 2010: Theoretical Informatics},
  pages={686--696},
  year={2010},
  publisher={Springer}
}

@article{bose2012distribution,
  title={A distribution-sensitive dictionary with low space overhead},
  author={Bose, Prosenjit and Howat, John and Morin, Pat},
  journal={Journal of Discrete Algorithms},
  volume={10},
  pages={140--145},
  year={2012},
  publisher={Elsevier}
}